@article{bollerslev1986generalized,
title={Generalized autoregressive conditional heteroskedasticity},
author={Bollerslev, Tim},
journal={Journal of Econometrics},
volume={31},
number={3},
pages={307--327},
year={1986}
}

@article{tay2001modified,
title={Modified support vector machines in financial time series forecasting},
author={Tay, Francis EH and Cao, Lijuan},
journal={Neurocomputing},
volume={48},
pages={847--861},
year={2001}
}
@article{kumar2006forecasting,
title={Forecasting using support vector machines},
author={Kumar, P. Krishna and Ravi, V.},
journal={Expert Systems with Applications},
volume={29},
number={3},
pages={555--574},
year={2006}
}
@article{khaidem2016predicting,
title={Predicting the direction of stock market prices using random forest},
author={Khaidem, Luckyson and Saha, Snehanshu and Dey, Sudeepa Roy},
journal={Applied Mathematical Finance},
volume={23},
number={2},
pages={113--134},
year={2016}
}
@inproceedings{zhang2017stock,
title={Stock price prediction using deep learning methods},
author={Zhang, Liheng and Aggarwal, Charu and Qi, Guo-Jun},
booktitle={2017 IEEE International Conference on Data Mining (ICDM)},
pages={1218--1227},
year={2017}
}
@article{fischer2018deep,
title={Deep learning with long short-term memory networks for financial market predictions},
author={Fischer, Thomas and Krauss, Christopher},
journal={European Journal of Operational Research},
volume={270},
number={2},
pages={654--669},
year={2018}
}
@article{bahdanau2014neural,
title={Neural machine translation by jointly learning to align and translate},
author={Bahdanau, Dzmitry and Cho, Kyunghyun and Bengio, Yoshua},
journal={arXiv preprint arXiv:1409.0473},
year={2014}
}
@inproceedings{graves2013generating,
title={Generating sequences with recurrent neural networks},
author={Graves, Alex},
booktitle={Advances in Neural Information Processing Systems},
pages={2548--2556},
year={2013}
}
@inproceedings{vaswani2017attention,
title={Attention is all you need},
author={Vaswani, Ashish and Shazeer, Noam and Parmar, Niki and Uszkoreit, Jakob and Jones, Llion and Gomez, Aidan N and Kaiser, Lukasz and Polosukhin, Illia},
booktitle={Advances in Neural Information Processing Systems},
pages={5998--6008},
year={2017}
}
@article{huang2019time,
title={Time-sensitive stock prediction using self-attention},
author={Huang, Chung-Yuan and Chen, Wei-Chuan and Lai, Yi-Hsuan},
journal={IEEE Access},
volume={7},
pages={128211--128221},
year={2019}
}
@inproceedings{chen2018enhancing,
title={Enhancing stock market prediction with extended coupled hidden Markov model over multi-sourced data},
author={Chen, Yanfang and Wei, Zhang and Huang, Dong},
booktitle={Knowledge Discovery and Data Mining},
pages={481--490},
year={2018}
}
@article{qin2017dual,
title={A dual-stage attention-based recurrent neural network for time series prediction},
author={Qin, Yao and Song, Dongjin and Chen, Haifeng and Cheng, Wei and Jiang, Guofei and Cottrell, Garrison W},
journal={International Joint Conference on Artificial Intelligence},
pages={2627--2633},
year={2017}
}
@inproceedings{gao2016stock,
title={Stock price prediction using attention-based multi-input LSTM},
author={Gao, Tian and Chai, Yanyan},
booktitle={Asian Conference on Machine Learning},
pages={454--469},
year={2016}
}
@article{li2020temporal,
title={Temporal fusion transformers for interpretable multi-horizon time series forecasting},
author={Li, Shiyang and Jin, Xiaoyong and Xuan, Yao and Zhou, Xiyou and Chen, Wenhu and Wang, Yu-Xiang and Yan, Xifeng},
journal={International Journal of Forecasting},
volume={36},
number={4},
pages={1439--1454},
year={2020}
}